<?xml version="1.0" encoding="UTF-8"?><record xmlns="http://www.loc.gov/MARC21/slim" xmlns:cinclude="http://apache.org/cocoon/include/1.0" xmlns:zs="http://www.loc.gov/zing/srw/">
  <leader>01064cz  a2200265n  4500</leader>
  <controlfield tag="001">n  81082637 </controlfield>
  <controlfield tag="003">DLC</controlfield>
  <controlfield tag="005">20110302074714.0</controlfield>
  <controlfield tag="008">811020nc acannaabn          |b aaa      </controlfield>
  <datafield tag="010" ind1=" " ind2=" ">
    <subfield code="a">n  81082637 </subfield>
  </datafield>
  <datafield tag="035" ind1=" " ind2=" ">
    <subfield code="a">(OCoLC)oca00627883</subfield>
  </datafield>
  <datafield tag="040" ind1=" " ind2=" ">
    <subfield code="a">DLC</subfield>
    <subfield code="b">eng</subfield>
    <subfield code="c">DLC</subfield>
    <subfield code="d">OCoLC</subfield>
    <subfield code="d">DLC</subfield>
    <subfield code="d">OCoLC</subfield>
    <subfield code="d">HkUST</subfield>
  </datafield>
  <datafield tag="100" ind1="1" ind2=" ">
    <subfield code="a">Gao, Heng,</subfield>
    <subfield code="d">1900-1986</subfield>
  </datafield>
  <datafield tag="400" ind1="1" ind2=" ">
    <subfield code="w">nne</subfield>
    <subfield code="a">Kao, Heng,</subfield>
    <subfield code="d">1900-1986</subfield>
  </datafield>
  <datafield tag="400" ind1="1" ind2=" ">
    <subfield code="a">高亨,</subfield>
    <subfield code="d">1900-1986</subfield>
  </datafield>
  <datafield tag="400" ind1="1" ind2=" ">
    <subfield code="a">Gao, Jinsheng,</subfield>
    <subfield code="d">1900-1986</subfield>
  </datafield>
  <datafield tag="400" ind1="1" ind2=" ">
    <subfield code="a">Kao, Chin-sheng,</subfield>
    <subfield code="d">1900-1986</subfield>
  </datafield>
  <datafield tag="400" ind1="1" ind2=" ">
    <subfield code="a">高晋生,</subfield>
    <subfield code="d">1900-1986</subfield>
  </datafield>
  <datafield tag="400" ind1="1" ind2=" ">
    <subfield code="a">Gao, Xianqiao,</subfield>
    <subfield code="d">1900-1986</subfield>
  </datafield>
  <datafield tag="400" ind1="1" ind2=" ">
    <subfield code="a">高仙翘,</subfield>
    <subfield code="d">1900-1986</subfield>
  </datafield>
  <datafield tag="667" ind1=" " ind2=" ">
    <subfield code="a">Machine-derived non-Latin script reference project.</subfield>
  </datafield>
  <datafield tag="667" ind1=" " ind2=" ">
    <subfield code="a">Non-Latin script references not evaluated.</subfield>
  </datafield>
  <datafield tag="670" ind1=" " ind2=" ">
    <subfield code="a">Author's Mo ching chiao chʻüan, 1958.</subfield>
  </datafield>
  <datafield tag="670" ind1=" " ind2=" ">
    <subfield code="a">Gao Heng zhu zuo ji lin, 2004:</subfield>
    <subfield code="b">t.p. (高亨 = Gao Heng) publishing note (高亨 = Gao Heng (1900-1986))</subfield>
  </datafield>
  <datafield tag="670" ind1=" " ind2=" ">
    <subfield code="a">Bai du bai ke WWW site, Feb. 17, 2011</subfield>
    <subfield code="b">(高亨 = Gao Heng; prof.; also named: 晋生 = Jinsheng; orig. name: 仙翘 = Xianqiao; b. July 4, 1900; d. 1986)</subfield>
  </datafield>
</record>